<?xml version="1.0" encoding="UTF-8"?>
<Document xmlns="http://www.six-interbank-clearing.com/de/camt.052.001.08.ch.02">
	<BkToCstmrAcctRpt>
		<GrpHdr>
			<MsgId>ABCD-002</MsgId>
			<CreDtTm>2025-12-05T18:50:11.015+01:00</CreDtTm>
			<MsgPgntn>
				<PgNb>1</PgNb>
				<LastPgInd>true</LastPgInd>
			</MsgPgntn>
			<AddtlInf>ACCREC</AddtlInf>
		</GrpHdr>
		<Rpt>
			<Id>1</Id>
			<FrToDt>
				<FrDtTm>2025-12-04T18:45:08.070+01:00</FrDtTm>
				<ToDtTm>2025-12-05T18:16:27.190+01:00</ToDtTm>
			</FrToDt>
			<RptgSrc>
				<Prtry>SIC</Prtry>
			</RptgSrc>
			<Acct>
				<Id>
					<Othr>
						<Id>082310</Id>
					</Othr>
				</Id>
				<Ccy>CHF</Ccy>
				<Ownr>
					<Nm>Schweizer Bank</Nm>
					<PstlAdr>
						<StrtNm>Bankgasse</StrtNm>
						<BldgNb>2</BldgNb>
						<PstCd>8001</PstCd>
						<TwnNm>Zürich</TwnNm>
						<Ctry>CH</Ctry>
					</PstlAdr>
				</Ownr>
			</Acct>
			<Bal>
				<Tp>
					<CdOrPrtry>
						<Prtry>AVLBL</Prtry>
					</CdOrPrtry>
				</Tp>
				<Amt Ccy="CHF">250.12</Amt>
				<CdtDbtInd>CRDT</CdtDbtInd>
				<Dt>
					<Dt>2025-12-05</Dt>
				</Dt>
			</Bal>
			<TxsSummry>
				<TtlNtries>
					<NbOfNtries>4</NbOfNtries>
					<TtlNetNtry>
						<Amt>250.12</Amt>
						<CdtDbtInd>CRDT</CdtDbtInd>
					</TtlNetNtry>
				</TtlNtries>
				<TtlCdtNtries>
					<NbOfNtries>2</NbOfNtries>
					<Sum>1250.12</Sum>
				</TtlCdtNtries>
				<TtlDbtNtries>
					<NbOfNtries>2</NbOfNtries>
					<Sum>1000.00</Sum>
				</TtlDbtNtries>
				<TtlNtriesPerBkTxCd>
					<NbOfNtries>3</NbOfNtries>
					<TtlNetNtry>
						<Amt>350.12</Amt>
						<CdtDbtInd>CRDT</CdtDbtInd>
					</TtlNetNtry>
					<CdtNtries>
						<NbOfNtries>2</NbOfNtries>
						<Sum>1250.12</Sum>
					</CdtNtries>
					<DbtNtries>
						<NbOfNtries>1</NbOfNtries>
						<Sum>900.00</Sum>
					</DbtNtries>
					<BkTxCd>
						<Prtry>
							<Cd>CSTPMT</Cd>
						</Prtry>
					</BkTxCd>
					<Dt>
						<Dt>2023-01-05</Dt>
					</Dt>
				</TtlNtriesPerBkTxCd>
				<TtlNtriesPerBkTxCd>
					<NbOfNtries>1</NbOfNtries>
					<TtlNetNtry>
						<Amt>100.00</Amt>
						<CdtDbtInd>DBIT</CdtDbtInd>
					</TtlNetNtry>
					<DbtNtries>
						<NbOfNtries>1</NbOfNtries>
						<Sum>100.00</Sum>
					</DbtNtries>
					<BkTxCd>
						<Prtry>
							<Cd>ESRDEB</Cd>
						</Prtry>
					</BkTxCd>
					<Dt>
						<Dt>2025-12-05</Dt>
					</Dt>
				</TtlNtriesPerBkTxCd>
			</TxsSummry>
		</Rpt>
	</BkToCstmrAcctRpt>
</Document>
