<?xml version="1.0" encoding="UTF-8"?>
<Document xmlns="http://www.six-interbank-clearing.com/de/camt.052.001.08.ch.02">
	<BkToCstmrAcctRpt>
		<GrpHdr>
			<MsgId>WXYZ-001</MsgId>
			<CreDtTm>2025-12-05T18:50:11.015+01:00</CreDtTm>
			<MsgPgntn>
				<PgNb>1</PgNb>
				<LastPgInd>true</LastPgInd>
			</MsgPgntn>
			<AddtlInf>DETREC</AddtlInf>
		</GrpHdr>
		<Rpt>
			<Id>1</Id>
			<FrToDt>
				<FrDtTm>2025-12-04T18:45:08.070+01:00</FrDtTm>
				<ToDtTm>2025-12-05T18:16:27.190+01:00</ToDtTm>
			</FrToDt>
			<RptgSrc>
				<Prtry>SIC</Prtry>
			</RptgSrc>
			<Acct>
				<Id>
					<Othr>
						<Id>082310</Id>
					</Othr>
				</Id>
				<Ccy>CHF</Ccy>
				<Ownr>
					<Nm>Schweizer Bank</Nm>
					<PstlAdr>
						<StrtNm>Bankgasse</StrtNm>
						<BldgNb>2</BldgNb>
						<PstCd>8001</PstCd>
						<TwnNm>Zürich</TwnNm>
						<Ctry>CH</Ctry>
					</PstlAdr>
				</Ownr>
			</Acct>
			<Bal>
				<Tp>
					<CdOrPrtry>
						<Prtry>AVLBL</Prtry>
					</CdOrPrtry>
				</Tp>
				<Amt Ccy="CHF">250.12</Amt>
				<CdtDbtInd>CRDT</CdtDbtInd>
				<Dt>
					<Dt>2025-12-05</Dt>
				</Dt>
			</Bal>
			<TxsSummry>
				<TtlNtries>
					<NbOfNtries>4</NbOfNtries>
					<TtlNetNtry>
						<Amt>250.12</Amt>
						<CdtDbtInd>CRDT</CdtDbtInd>
					</TtlNetNtry>
				</TtlNtries>
				<TtlCdtNtries>
					<NbOfNtries>2</NbOfNtries>
					<Sum>1250.12</Sum>
				</TtlCdtNtries>
				<TtlDbtNtries>
					<NbOfNtries>2</NbOfNtries>
					<Sum>1000.00</Sum>
				</TtlDbtNtries>
			</TxsSummry>
			<Ntry>
				<Amt Ccy="CHF">1000.12</Amt>
				<CdtDbtInd>CRDT</CdtDbtInd>
				<Sts>
					<Cd>BOOK</Cd>
				</Sts>
				<BookgDt>
					<DtTm>2025-12-05T08:00:17.000+01:00</DtTm>
				</BookgDt>
				<ValDt>
					<Dt>2025-12-05</Dt>
				</ValDt>
				<BkTxCd>
					<Prtry>
						<Cd>CSTPMT</Cd>
					</Prtry>
				</BkTxCd>
				<NtryDtls>
					<TxDtls>
						<Refs>
							<MsgId>123-456</MsgId>
							<UETR>cddf0003-28af-4579-b8c0-979796d18a15</UETR>
							<TxId>PACS008CH_3456</TxId>
						</Refs>
						<RltdAgts>
							<InstgAgt>
								<FinInstnId>
									<ClrSysMmbId>
										<ClrSysId>
											<Cd>CHSIC</Cd>
										</ClrSysId>
										<MmbId>090000</MmbId>
									</ClrSysMmbId>
								</FinInstnId>
							</InstgAgt>
							<InstdAgt>
								<FinInstnId>
									<ClrSysMmbId>
										<ClrSysId>
											<Cd>CHSIC</Cd>
										</ClrSysId>
										<MmbId>082310</MmbId>
									</ClrSysMmbId>
								</FinInstnId>
							</InstdAgt>
						</RltdAgts>
					</TxDtls>
				</NtryDtls>
			</Ntry>
			<Ntry>
				<Amt Ccy="CHF">250.00</Amt>
				<CdtDbtInd>CRDT</CdtDbtInd>
				<Sts>
					<Cd>BOOK</Cd>
				</Sts>
				<BookgDt>
					<DtTm>2025-12-05T09:01:54.805+01:00</DtTm>
				</BookgDt>
				<ValDt>
					<Dt>2025-12-05</Dt>
				</ValDt>
				<BkTxCd>
					<Prtry>
						<Cd>CSTPMT</Cd>
					</Prtry>
				</BkTxCd>
				<NtryDtls>
					<TxDtls>
						<Refs>
							<MsgId>123-789</MsgId>
							<UETR>c6e0129a-f168-474d-9273-4fb031b33dd2</UETR>
							<TxId>PACS008CH_34512</TxId>
						</Refs>
						<RltdAgts>
							<InstgAgt>
								<FinInstnId>
									<ClrSysMmbId>
										<ClrSysId>
											<Cd>CHSIC</Cd>
										</ClrSysId>
										<MmbId>052030</MmbId>
									</ClrSysMmbId>
								</FinInstnId>
							</InstgAgt>
							<InstdAgt>
								<FinInstnId>
									<ClrSysMmbId>
										<ClrSysId>
											<Cd>CHSIC</Cd>
										</ClrSysId>
										<MmbId>082310</MmbId>
									</ClrSysMmbId>
								</FinInstnId>
							</InstdAgt>
						</RltdAgts>
					</TxDtls>
				</NtryDtls>
			</Ntry>
			<Ntry>
				<Amt Ccy="CHF">100.00</Amt>
				<CdtDbtInd>DBIT</CdtDbtInd>
				<Sts>
					<Cd>BOOK</Cd>
				</Sts>
				<BookgDt>
					<DtTm>2025-12-05T09:00:47.090+01:00</DtTm>
				</BookgDt>
				<ValDt>
					<Dt>2025-12-05</Dt>
				</ValDt>
				<BkTxCd>
					<Prtry>
						<Cd>ESRDEB</Cd>
					</Prtry>
				</BkTxCd>
				<NtryDtls>
					<TxDtls>
						<Refs>
							<MsgId>789543</MsgId>
							<UETR>4f627e71-8123-47a6-b419-0199aab33422</UETR>
							<TxId>PACS008CH_7890</TxId>
						</Refs>
						<RltdAgts>
							<InstgAgt>
								<FinInstnId>
									<ClrSysMmbId>
										<ClrSysId>
											<Cd>CHSIC</Cd>
										</ClrSysId>
										<MmbId>082310</MmbId>
									</ClrSysMmbId>
								</FinInstnId>
							</InstgAgt>
							<InstdAgt>
								<FinInstnId>
									<ClrSysMmbId>
										<ClrSysId>
											<Cd>CHSIC</Cd>
										</ClrSysId>
										<MmbId>040000</MmbId>
									</ClrSysMmbId>
								</FinInstnId>
							</InstdAgt>
						</RltdAgts>
					</TxDtls>
				</NtryDtls>
			</Ntry>
			<Ntry>
				<Amt Ccy="CHF">900.00</Amt>
				<CdtDbtInd>DBIT</CdtDbtInd>
				<Sts>
					<Cd>BOOK</Cd>
				</Sts>
				<BookgDt>
					<DtTm>2025-12-05T09:01:40.705+01:00</DtTm>
				</BookgDt>
				<ValDt>
					<Dt>2025-12-05</Dt>
				</ValDt>
				<BkTxCd>
					<Prtry>
						<Cd>CSTPMT</Cd>
					</Prtry>
				</BkTxCd>
				<NtryDtls>
					<TxDtls>
						<Refs>
							<MsgId>A0009826</MsgId>
							<UETR>12d89188-48bf-4094-8d05-98fb9401f3d3</UETR>
							<TxId>PACS008CH_127890</TxId>
						</Refs>
						<RltdAgts>
							<InstgAgt>
								<FinInstnId>
									<ClrSysMmbId>
										<ClrSysId>
											<Cd>CHSIC</Cd>
										</ClrSysId>
										<MmbId>082310</MmbId>
									</ClrSysMmbId>
								</FinInstnId>
							</InstgAgt>
							<InstdAgt>
								<FinInstnId>
									<ClrSysMmbId>
										<ClrSysId>
											<Cd>CHSIC</Cd>
										</ClrSysId>
										<MmbId>040000</MmbId>
									</ClrSysMmbId>
								</FinInstnId>
							</InstdAgt>
						</RltdAgts>
					</TxDtls>
				</NtryDtls>
			</Ntry>
		</Rpt>
	</BkToCstmrAcctRpt>
</Document>
