<?xml version="1.0" encoding="UTF-8"?>
<Document xmlns="http://www.six-interbank-clearing.com/de/camt.052.001.08.ch.02">
	<BkToCstmrAcctRpt>
		<GrpHdr>
			<MsgId>MSGID-IP-camt052-20231120-5202</MsgId>
			<CreDtTm>2023-11-20T18:45:18.003+01:00</CreDtTm>
			<MsgPgntn>
				<PgNb>1</PgNb>
				<LastPgInd>true</LastPgInd>
			</MsgPgntn>
			<AddtlInf>IPDETR</AddtlInf>
		</GrpHdr>
		<Rpt>
			<Id>1</Id>
			<FrToDt>
				<FrDtTm>2023-11-17T18:44:29.003+01:00</FrDtTm>
				<ToDtTm>2023-11-20T18:45:17.003+01:00</ToDtTm>
			</FrToDt>
			<RptgSrc>
				<Prtry>SIP</Prtry>
			</RptgSrc>
			<Acct>
				<Id>
					<Othr>
						<Id>098982</Id>
					</Othr>
				</Id>
				<Ccy>CHF</Ccy>
				<Ownr>
					<Nm>IP Testbank</Nm>
					<PstlAdr>
						<PstCd>9999</PstCd>
						<TwnNm>Testingtown</TwnNm>
						<Ctry>CH</Ctry>
					</PstlAdr>
				</Ownr>
			</Acct>
			<Bal>
				<Tp>
					<CdOrPrtry>
						<Prtry>BALAS</Prtry>
					</CdOrPrtry>
				</Tp>
				<Amt Ccy="CHF">100000.00</Amt>
				<CdtDbtInd>CRDT</CdtDbtInd>
				<Dt>
					<Dt>2023-11-20</Dt>
				</Dt>
			</Bal>
			<Bal>
				<Tp>
					<CdOrPrtry>
						<Prtry>BALAE</Prtry>
					</CdOrPrtry>
				</Tp>
				<Amt Ccy="CHF">90000.00</Amt>
				<CdtDbtInd>CRDT</CdtDbtInd>
				<Dt>
					<Dt>2023-11-20</Dt>
				</Dt>
			</Bal>
			<Bal>
				<Tp>
					<CdOrPrtry>
						<Prtry>IPRSV</Prtry>
					</CdOrPrtry>
				</Tp>
				<Amt Ccy="CHF">50.00</Amt>
				<CdtDbtInd>DBIT</CdtDbtInd>
				<Dt>
					<Dt>2023-11-20</Dt>
				</Dt>
			</Bal>
			<Bal>
				<Tp>
					<CdOrPrtry>
						<Prtry>AVLBS</Prtry>
					</CdOrPrtry>
				</Tp>
				<Amt Ccy="CHF">99900.00</Amt>
				<CdtDbtInd>CRDT</CdtDbtInd>
				<Dt>
					<Dt>2023-11-20</Dt>
				</Dt>
			</Bal>
			<Bal>
				<Tp>
					<CdOrPrtry>
						<Prtry>AVLBE</Prtry>
					</CdOrPrtry>
				</Tp>
				<Amt Ccy="CHF">89950.00</Amt>
				<CdtDbtInd>CRDT</CdtDbtInd>
				<Dt>
					<Dt>2023-11-20</Dt>
				</Dt>
			</Bal>
			<TxsSummry>
				<TtlNtries>
					<NbOfNtries>4</NbOfNtries>
					<TtlNetNtry>
						<Amt>10000.00</Amt>
						<CdtDbtInd>DBIT</CdtDbtInd>
					</TtlNetNtry>
				</TtlNtries>
				<TtlCdtNtries>
					<NbOfNtries>2</NbOfNtries>
					<Sum>6000.00</Sum>
				</TtlCdtNtries>
				<TtlDbtNtries>
					<NbOfNtries>2</NbOfNtries>
					<Sum>16000.00</Sum>
				</TtlDbtNtries>
			</TxsSummry>
			<Ntry>
				<Amt Ccy="CHF">4000.00</Amt>
				<CdtDbtInd>CRDT</CdtDbtInd>
				<Sts>
					<Cd>BOOK</Cd>
				</Sts>
				<BookgDt>
					<DtTm>2023-11-17T19:01:01.111+01:00</DtTm>
				</BookgDt>
				<ValDt>
					<Dt>2023-11-20</Dt>
				</ValDt>
				<BkTxCd>
					<Prtry>
						<Cd>IPLQTT</Cd>
					</Prtry>
				</BkTxCd>
				<NtryDtls>
					<TxDtls>
						<Refs>
							<MsgId>MSGID-IP-pacs009-XYZ-001</MsgId>
							<UETR>7bd8f59a-b215-4036-b078-569f898d40b8</UETR>
							<TxId>IP-009-XYZ-001</TxId>
						</Refs>
						<RltdPties>
							<DbtrAcct>
								<Id>
									<Othr>
										<Id>098980</Id>
									</Othr>
								</Id>
							</DbtrAcct>
							<CdtrAcct>
								<Id>
									<Othr>
										<Id>098982</Id>
									</Othr>
								</Id>
							</CdtrAcct>
						</RltdPties>
						<RltdAgts>
							<InstgAgt>
								<FinInstnId>
									<ClrSysMmbId>
										<ClrSysId>
											<Cd>CHSIC</Cd>
										</ClrSysId>
										<MmbId>098989</MmbId>
									</ClrSysMmbId>
								</FinInstnId>
							</InstgAgt>
							<InstdAgt>
								<FinInstnId>
									<ClrSysMmbId>
										<ClrSysId>
											<Cd>CHSIC</Cd>
										</ClrSysId>
										<MmbId>098989</MmbId>
									</ClrSysMmbId>
								</FinInstnId>
							</InstdAgt>
						</RltdAgts>
					</TxDtls>
				</NtryDtls>
			</Ntry>
			<Ntry>
				<Amt Ccy="CHF">9000.00</Amt>
				<CdtDbtInd>DBIT</CdtDbtInd>
				<Sts>
					<Cd>BOOK</Cd>
				</Sts>
				<BookgDt>
					<DtTm>2023-11-18T08:00:01.111+01:00</DtTm>
				</BookgDt>
				<ValDt>
					<Dt>2023-11-20</Dt>
				</ValDt>
				<BkTxCd>
					<Prtry>
						<Cd>IPCPMT</Cd>
					</Prtry>
				</BkTxCd>
				<NtryDtls>
					<TxDtls>
						<Refs>
							<MsgId>MSGID-IP-pacs008-XYZ-002</MsgId>
							<UETR>f7af5cc1-d118-4032-bc9e-ab74db1474c4</UETR>
							<TxId>IP-008-XYZ-002</TxId>
						</Refs>
						<RltdAgts>
							<InstgAgt>
								<FinInstnId>
									<ClrSysMmbId>
										<ClrSysId>
											<Cd>CHSIC</Cd>
										</ClrSysId>
										<MmbId>098989</MmbId>
									</ClrSysMmbId>
								</FinInstnId>
							</InstgAgt>
							<InstdAgt>
								<FinInstnId>
									<ClrSysMmbId>
										<ClrSysId>
											<Cd>CHSIC</Cd>
										</ClrSysId>
										<MmbId>097979</MmbId>
									</ClrSysMmbId>
								</FinInstnId>
							</InstdAgt>
						</RltdAgts>
						<RltdDts>
							<AccptncDtTm>2023-11-18T06:59:59.111Z</AccptncDtTm>
						</RltdDts>
					</TxDtls>
				</NtryDtls>
			</Ntry>
			<Ntry>
				<Amt Ccy="CHF">7000.00</Amt>
				<CdtDbtInd>DBIT</CdtDbtInd>
				<Sts>
					<Cd>BOOK</Cd>
				</Sts>
				<BookgDt>
					<DtTm>2023-11-19T09:00:05.987+01:00</DtTm>
				</BookgDt>
				<ValDt>
					<Dt>2023-11-20</Dt>
				</ValDt>
				<BkTxCd>
					<Prtry>
						<Cd>IPCPMT</Cd>
					</Prtry>
				</BkTxCd>
				<NtryDtls>
					<TxDtls>
						<Refs>
							<MsgId>MSGID-IP-pacs008-XYZ-003</MsgId>
							<UETR>5d3addb7-6bc7-4ebc-805e-9b35cd51d275</UETR>
							<TxId>IP-008-XYZ-003</TxId>
						</Refs>
						<RltdAgts>
							<InstgAgt>
								<FinInstnId>
									<ClrSysMmbId>
										<ClrSysId>
											<Cd>CHSIC</Cd>
										</ClrSysId>
										<MmbId>098989</MmbId>
									</ClrSysMmbId>
								</FinInstnId>
							</InstgAgt>
							<InstdAgt>
								<FinInstnId>
									<ClrSysMmbId>
										<ClrSysId>
											<Cd>CHSIC</Cd>
										</ClrSysId>
										<MmbId>089898</MmbId>
									</ClrSysMmbId>
								</FinInstnId>
							</InstdAgt>
						</RltdAgts>
						<RltdDts>
							<AccptncDtTm>2023-11-19T07:59:56.123Z</AccptncDtTm>
						</RltdDts>
					</TxDtls>
				</NtryDtls>
			</Ntry>
			<Ntry>
				<Amt Ccy="CHF">2000.00</Amt>
				<CdtDbtInd>CRDT</CdtDbtInd>
				<Sts>
					<Cd>BOOK</Cd>
				</Sts>
				<BookgDt>
					<DtTm>2023-11-20T10:00:05.453+01:00</DtTm>
				</BookgDt>
				<ValDt>
					<Dt>2023-11-20</Dt>
				</ValDt>
				<BkTxCd>
					<Prtry>
						<Cd>IPCPMT</Cd>
					</Prtry>
				</BkTxCd>
				<NtryDtls>
					<TxDtls>
						<Refs>
							<MsgId>MSGID-IP-pacs008-XYZ-004</MsgId>
							<UETR>f3bf8d04-8dd3-4655-bf22-061f46301c43</UETR>
							<TxId>IP-008-XYZ-004</TxId>
						</Refs>
						<RltdAgts>
							<InstgAgt>
								<FinInstnId>
									<ClrSysMmbId>
										<ClrSysId>
											<Cd>CHSIC</Cd>
										</ClrSysId>
										<MmbId>089898</MmbId>
									</ClrSysMmbId>
								</FinInstnId>
							</InstgAgt>
							<InstdAgt>
								<FinInstnId>
									<ClrSysMmbId>
										<ClrSysId>
											<Cd>CHSIC</Cd>
										</ClrSysId>
										<MmbId>098989</MmbId>
									</ClrSysMmbId>
								</FinInstnId>
							</InstdAgt>
						</RltdAgts>
						<RltdDts>
							<AccptncDtTm>2023-11-20T08:59:52.572Z</AccptncDtTm>
						</RltdDts>
					</TxDtls>
				</NtryDtls>
			</Ntry>
		</Rpt>
	</BkToCstmrAcctRpt>
</Document>
