<?xml version="1.0" encoding="UTF-8"?>
<Document xmlns="http://www.six-interbank-clearing.com/de/camt.052.001.08.ch.02">
	<BkToCstmrAcctRpt>
		<GrpHdr>
			<MsgId>MSGID-IP-camt052-20241118-5201</MsgId>
			<CreDtTm>2024-11-18T18:45:18.003+01:00</CreDtTm>
			<MsgPgntn>
				<PgNb>1</PgNb>
				<LastPgInd>true</LastPgInd>
			</MsgPgntn>
			<AddtlInf>IPACCR</AddtlInf>
		</GrpHdr>
		<Rpt>
			<Id>1</Id>
			<FrToDt>
				<FrDtTm>2024-11-15T18:44:29.003+01:00</FrDtTm>
				<ToDtTm>2024-11-18T18:45:17.003+01:00</ToDtTm>
			</FrToDt>
			<RptgSrc>
				<Prtry>SIP</Prtry>
			</RptgSrc>
			<Acct>
				<Id>
					<Othr>
						<Id>098982</Id>
					</Othr>
				</Id>
				<Ccy>CHF</Ccy>
				<Ownr>
					<Nm>IP Testbank</Nm>
					<PstlAdr>
						<PstCd>9999</PstCd>
						<TwnNm>Testingtown</TwnNm>
						<Ctry>CH</Ctry>
					</PstlAdr>
				</Ownr>
			</Acct>
			<Bal>
				<Tp>
					<CdOrPrtry>
						<Prtry>BALAS</Prtry>
					</CdOrPrtry>
				</Tp>
				<Amt Ccy="CHF">100000.00</Amt>
				<CdtDbtInd>CRDT</CdtDbtInd>
				<Dt>
					<Dt>2024-11-18</Dt>
				</Dt>
			</Bal>
			<Bal>
				<Tp>
					<CdOrPrtry>
						<Prtry>BALAE</Prtry>
					</CdOrPrtry>
				</Tp>
				<Amt Ccy="CHF">90000.00</Amt>
				<CdtDbtInd>CRDT</CdtDbtInd>
				<Dt>
					<Dt>2024-11-18</Dt>
				</Dt>
			</Bal>
			<Bal>
				<Tp>
					<CdOrPrtry>
						<Prtry>IPRSV</Prtry>
					</CdOrPrtry>
				</Tp>
				<Amt Ccy="CHF">50.00</Amt>
				<CdtDbtInd>DBIT</CdtDbtInd>
				<Dt>
					<Dt>2024-11-18</Dt>
				</Dt>
			</Bal>
			<Bal>
				<Tp>
					<CdOrPrtry>
						<Prtry>AVLBS</Prtry>
					</CdOrPrtry>
				</Tp>
				<Amt Ccy="CHF">99900.00</Amt>
				<CdtDbtInd>CRDT</CdtDbtInd>
				<Dt>
					<Dt>2024-11-18</Dt>
				</Dt>
			</Bal>
			<Bal>
				<Tp>
					<CdOrPrtry>
						<Prtry>AVLBE</Prtry>
					</CdOrPrtry>
				</Tp>
				<Amt Ccy="CHF">89950.00</Amt>
				<CdtDbtInd>CRDT</CdtDbtInd>
				<Dt>
					<Dt>2024-11-18</Dt>
				</Dt>
			</Bal>
			<TxsSummry>
				<TtlNtries>
					<NbOfNtries>5</NbOfNtries>
					<TtlNetNtry>
						<Amt>10000.00</Amt>
						<CdtDbtInd>DBIT</CdtDbtInd>
					</TtlNetNtry>
				</TtlNtries>
				<TtlCdtNtries>
					<NbOfNtries>2</NbOfNtries>
					<Sum>6000.00</Sum>
				</TtlCdtNtries>
				<TtlDbtNtries>
					<NbOfNtries>3</NbOfNtries>
					<Sum>16000.00</Sum>
				</TtlDbtNtries>
				<TtlNtriesPerBkTxCd>
					<NbOfNtries>1</NbOfNtries>
					<TtlNetNtry>
						<Amt>4000.00</Amt>
						<CdtDbtInd>CRDT</CdtDbtInd>
					</TtlNetNtry>
					<CdtNtries>
						<NbOfNtries>1</NbOfNtries>
						<Sum>4000.00</Sum>
					</CdtNtries>
					<BkTxCd>
						<Prtry>
							<Cd>IPLQTT</Cd>
						</Prtry>
					</BkTxCd>
					<Dt>
						<Dt>2024-11-18</Dt>
					</Dt>
				</TtlNtriesPerBkTxCd>
				<TtlNtriesPerBkTxCd>
					<NbOfNtries>4</NbOfNtries>
					<TtlNetNtry>
						<Amt>14000.00</Amt>
						<CdtDbtInd>DBIT</CdtDbtInd>
					</TtlNetNtry>
					<CdtNtries>
						<NbOfNtries>1</NbOfNtries>
						<Sum>2000.00</Sum>
					</CdtNtries>
					<DbtNtries>
						<NbOfNtries>3</NbOfNtries>
						<Sum>16000.00</Sum>
					</DbtNtries>
					<BkTxCd>
						<Prtry>
							<Cd>IPCPMT</Cd>
						</Prtry>
					</BkTxCd>
					<Dt>
						<Dt>2024-11-18</Dt>
					</Dt>
				</TtlNtriesPerBkTxCd>
			</TxsSummry>
		</Rpt>
	</BkToCstmrAcctRpt>
</Document>
