<?xml version="1.0" encoding="UTF-8"?>
<Document xmlns="http://www.six-interbank-clearing.com/de/camt.052.001.08.ch.02">
	<BkToCstmrAcctRpt>
		<GrpHdr>
			<MsgId>MSGID-IP-camt052-20231120-5203</MsgId>
			<CreDtTm>2023-11-20T18:45:18.003+01:00</CreDtTm>
			<MsgPgntn>
				<PgNb>1</PgNb>
				<LastPgInd>true</LastPgInd>
			</MsgPgntn>
			<AddtlInf>IPCNCR</AddtlInf>
		</GrpHdr>
		<Rpt>
			<Id>1</Id>
			<FrToDt>
				<FrDtTm>2023-11-17T18:44:29.003+01:00</FrDtTm>
				<ToDtTm>2023-11-20T18:45:17.003+01:00</ToDtTm>
			</FrToDt>
			<RptgSrc>
				<Prtry>SIP</Prtry>
			</RptgSrc>
			<Acct>
				<Id>
					<Othr>
						<Id>098982</Id>
					</Othr>
				</Id>
				<Ccy>CHF</Ccy>
				<Ownr>
					<Nm>IP Testbank</Nm>
					<PstlAdr>
						<PstCd>9999</PstCd>
						<TwnNm>Testingtown</TwnNm>
						<Ctry>CH</Ctry>
					</PstlAdr>
				</Ownr>
			</Acct>
			<TxsSummry>
				<TtlNtries>
					<NbOfNtries>2</NbOfNtries>
					<TtlNetNtry>
						<Amt>10.50</Amt>
						<CdtDbtInd>DBIT</CdtDbtInd>
					</TtlNetNtry>
				</TtlNtries>
				<TtlCdtNtries>
					<NbOfNtries>1</NbOfNtries>
					<Sum>147.00</Sum>
				</TtlCdtNtries>
				<TtlDbtNtries>
					<NbOfNtries>1</NbOfNtries>
					<Sum>157.50</Sum>
				</TtlDbtNtries>
			</TxsSummry>
			<Ntry>
				<Amt Ccy="CHF">147.00</Amt>
				<CdtDbtInd>CRDT</CdtDbtInd>
				<Sts>
					<Cd>INFO</Cd>
				</Sts>
				<BkTxCd>
					<Prtry>
						<Cd>IPCPMT</Cd>
					</Prtry>
				</BkTxCd>
				<NtryDtls>
					<TxDtls>
						<Refs>
							<MsgId>MSGID-IP-pacs008-XYZ-005</MsgId>
							<UETR>5f2059f9-d11f-4847-a48f-6bbaaac129f2</UETR>
							<TxId>IP-008-XYZ-005</TxId>
						</Refs>
						<RltdAgts>
							<InstgAgt>
								<FinInstnId>
									<ClrSysMmbId>
										<ClrSysId>
											<Cd>CHSIC</Cd>
										</ClrSysId>
										<MmbId>089898</MmbId>
									</ClrSysMmbId>
								</FinInstnId>
							</InstgAgt>
							<InstdAgt>
								<FinInstnId>
									<ClrSysMmbId>
										<ClrSysId>
											<Cd>CHSIC</Cd>
										</ClrSysId>
										<MmbId>098989</MmbId>
									</ClrSysMmbId>
								</FinInstnId>
							</InstdAgt>
						</RltdAgts>
						<RltdDts>
							<AccptncDtTm>2023-11-19T07:40:40.666Z</AccptncDtTm>
						</RltdDts>
						<RtrInf>
							<Rsn>
								<Prtry>HRDTO</Prtry>
							</Rsn>
						</RtrInf>
					</TxDtls>
				</NtryDtls>
			</Ntry>
			<Ntry>
				<Amt Ccy="CHF">157.50</Amt>
				<CdtDbtInd>DBIT</CdtDbtInd>
				<Sts>
					<Cd>INFO</Cd>
				</Sts>
				<BkTxCd>
					<Prtry>
						<Cd>IPCPMT</Cd>
					</Prtry>
				</BkTxCd>
				<NtryDtls>
					<TxDtls>
						<Refs>
							<MsgId>MSGID-IP-pacs008-XYZ-006</MsgId>
							<UETR>a7c0f673-28f9-42d6-b6da-59018e352baa</UETR>
							<TxId>IP-008-XYZ-006</TxId>
						</Refs>
						<RltdAgts>
							<InstgAgt>
								<FinInstnId>
									<ClrSysMmbId>
										<ClrSysId>
											<Cd>CHSIC</Cd>
										</ClrSysId>
										<MmbId>098989</MmbId>
									</ClrSysMmbId>
								</FinInstnId>
							</InstgAgt>
							<InstdAgt>
								<FinInstnId>
									<ClrSysMmbId>
										<ClrSysId>
											<Cd>CHSIC</Cd>
										</ClrSysId>
										<MmbId>089898</MmbId>
									</ClrSysMmbId>
								</FinInstnId>
							</InstdAgt>
						</RltdAgts>
						<RltdDts>
							<AccptncDtTm>2023-11-19T08:50:50.666Z</AccptncDtTm>
						</RltdDts>
						<RtrInf>
							<Rsn>
								<Prtry>NEGFB</Prtry>
							</Rsn>
						</RtrInf>
					</TxDtls>
				</NtryDtls>
			</Ntry>
		</Rpt>
	</BkToCstmrAcctRpt>
</Document>
