<?xml version="1.0" encoding="UTF-8"?>
<Document xmlns="http://www.six-interbank-clearing.com/de/camt.052.001.08.ch.02">
	<BkToCstmrAcctRpt>
		<GrpHdr>
			<MsgId>MSGID-IP-camt052-20241118-5202</MsgId>
			<CreDtTm>2024-11-18T18:45:18.003+01:00</CreDtTm>
			<MsgPgntn>
				<PgNb>1</PgNb>
				<LastPgInd>true</LastPgInd>
			</MsgPgntn>
			<AddtlInf>IPACCR</AddtlInf>
		</GrpHdr>
		<Rpt>
			<Id>1</Id>
			<FrToDt>
				<FrDtTm>2024-11-15T18:44:29.003+01:00</FrDtTm>
				<ToDtTm>2024-11-18T18:45:17.003+01:00</ToDtTm>
			</FrToDt>
			<RptgSrc>
				<Prtry>SIP</Prtry>
			</RptgSrc>
			<Acct>
				<Id>
					<Othr>
						<Id>089892</Id>
					</Othr>
				</Id>
				<Ccy>CHF</Ccy>
				<Ownr>
					<Nm>IP Samplebank</Nm>
					<PstlAdr>
						<PstCd>8888</PstCd>
						<TwnNm>Sampletown</TwnNm>
						<Ctry>CH</Ctry>
					</PstlAdr>
				</Ownr>
			</Acct>
			<Bal>
				<Tp>
					<CdOrPrtry>
						<Prtry>BALAS</Prtry>
					</CdOrPrtry>
				</Tp>
				<Amt Ccy="CHF">90000.00</Amt>
				<CdtDbtInd>CRDT</CdtDbtInd>
				<Dt>
					<Dt>2024-11-18</Dt>
				</Dt>
			</Bal>
			<Bal>
				<Tp>
					<CdOrPrtry>
						<Prtry>BALAE</Prtry>
					</CdOrPrtry>
				</Tp>
				<Amt Ccy="CHF">90000.00</Amt>
				<CdtDbtInd>CRDT</CdtDbtInd>
				<Dt>
					<Dt>2024-11-18</Dt>
				</Dt>
			</Bal>
			<Bal>
				<Tp>
					<CdOrPrtry>
						<Prtry>AVLBS</Prtry>
					</CdOrPrtry>
				</Tp>
				<Amt Ccy="CHF">90000.00</Amt>
				<CdtDbtInd>CRDT</CdtDbtInd>
				<Dt>
					<Dt>2024-11-18</Dt>
				</Dt>
			</Bal>
			<Bal>
				<Tp>
					<CdOrPrtry>
						<Prtry>AVLBE</Prtry>
					</CdOrPrtry>
				</Tp>
				<Amt Ccy="CHF">90000.00</Amt>
				<CdtDbtInd>CRDT</CdtDbtInd>
				<Dt>
					<Dt>2024-11-18</Dt>
				</Dt>
			</Bal>
			<TxsSummry>
				<TtlNtries>
					<NbOfNtries>0</NbOfNtries>
					<TtlNetNtry>
						<Amt>0</Amt>
						<CdtDbtInd>CRDT</CdtDbtInd>
					</TtlNetNtry>
				</TtlNtries>
				<TtlCdtNtries>
					<NbOfNtries>0</NbOfNtries>
					<Sum>0</Sum>
				</TtlCdtNtries>
				<TtlDbtNtries>
					<NbOfNtries>0</NbOfNtries>
					<Sum>0</Sum>
				</TtlDbtNtries>
			</TxsSummry>
		</Rpt>
	</BkToCstmrAcctRpt>
</Document>
